[gd_scene load_steps=4 format=2]

[ext_resource path="res://assets/theme/user_interface.tres" type="Theme" id=1]
[ext_resource path="res://src/UserInterface/PauseMenu.gd" type="Script" id=2]
[ext_resource path="res://src/UserInterface/SettingsMenu.tscn" type="PackedScene" id=3]

[node name="PauseMenu" type="Control"]
pause_mode = 2
anchor_right = 1.0
anchor_bottom = 1.0
theme = ExtResource( 1 )
script = ExtResource( 2 )
__meta__ = {
"_edit_use_anchors_": false
}

[node name="ColorRect" type="ColorRect" parent="."]
anchor_right = 1.0
anchor_bottom = 1.0
color = Color( 0, 0, 0, 0.211765 )
__meta__ = {
"_edit_use_anchors_": false
}

[node name="VBoxContainer" type="VBoxContainer" parent="."]
anchor_left = 0.5
anchor_top = 0.5
anchor_right = 0.5
anchor_bottom = 0.5
margin_left = -87.0
margin_top = -125.0
margin_right = 87.0
margin_bottom = 126.0
alignment = 1
__meta__ = {
"_edit_use_anchors_": false
}

[node name="Label" type="Label" parent="VBoxContainer"]
margin_top = 55.0
margin_right = 174.0
margin_bottom = 75.0
text = "Game Paused"
align = 1

[node name="ResumeButton" type="Button" parent="VBoxContainer"]
margin_top = 79.0
margin_right = 174.0
margin_bottom = 119.0
rect_min_size = Vector2( 0, 40 )
text = "Resume"

[node name="SettingsButton" type="Button" parent="VBoxContainer"]
margin_top = 123.0
margin_right = 174.0
margin_bottom = 163.0
text = "Settings"

[node name="QuitButton" type="Button" parent="VBoxContainer"]
margin_top = 170.0
margin_right = 174.0
margin_bottom = 195.0
rect_min_size = Vector2( 0, 40 )
text = "Quit"

[node name="SettingsMenu" parent="." instance=ExtResource( 3 )]
visible = false
[connection signal="pressed" from="VBoxContainer/ResumeButton" to="." method="_on_ResumeButton_pressed"]
[connection signal="pressed" from="VBoxContainer/SettingsButton" to="." method="_on_SettingsButton_pressed"]
[connection signal="pressed" from="VBoxContainer/QuitButton" to="." method="_on_QuitButton_pressed"]
[connection signal="back_button_pressed" from="SettingsMenu" to="." method="_on_SettingsMenu_back_button_pressed"]
