[gd_scene load_steps=7 format=2]

[ext_resource path="res://src/Level/Level.gd" type="Script" id=1]
[ext_resource path="res://assets/art/tileset/winter_tileset.tres" type="TileSet" id=2]
[ext_resource path="res://src/Actors/Player.tscn" type="PackedScene" id=3]
[ext_resource path="res://src/Actors/Enemy.tscn" type="PackedScene" id=4]
[ext_resource path="res://assets/audio/music/01 - Abstraction - Track 1.ogg" type="AudioStream" id=5]

[sub_resource type="RectangleShape2D" id=1]
extents = Vector2( 8, 156.633 )

[node name="Level" type="Node2D"]
script = ExtResource( 1 )
limit_right = 2784
limit_bottom = 480

[node name="TileMap" type="TileMap" parent="."]
tile_set = ExtResource( 2 )
cell_size = Vector2( 32, 32 )
collision_layer = 16
collision_mask = 0
format = 1
tile_data = PoolIntArray( 65535, 18, 0, 87, 18, 0, 131071, 18, 0, 65623, 18, 0, 196607, 18, 0, 131159, 18, 0, 262143, 18, 0, 196695, 18, 0, 327679, 18, 0, 262231, 18, 0, 393215, 18, 0, 327767, 18, 0, 458751, 18, 0, 393303, 18, 0, 524287, 18, 0, 458839, 18, 0, 589823, 18, 0, 524369, 10, 0, 524375, 18, 0, 655359, 18, 0, 589904, 9, 0, 589905, 536870923, 0, 589906, 536870921, 0, 589911, 18, 0, 720895, 18, 0, 655441, 16, 0, 655447, 18, 0, 786431, 18, 0, 720977, 16, 0, 720983, 18, 0, 851967, 18, 0, 786513, 16, 0, 786519, 18, 0, 917503, 18, 0, 851985, 18, 0, 852021, 18, 0, 852040, 18, 0, 852049, 8, 0, 852055, 18, 0, 983039, 18, 0, 917504, 18, 0, 917505, 18, 0, 917506, 18, 0, 917507, 18, 0, 917508, 18, 0, 917509, 18, 0, 917510, 18, 0, 917511, 18, 0, 917512, 18, 0, 917513, 18, 0, 917514, 18, 0, 917515, 18, 0, 917516, 18, 0, 917517, 18, 0, 917518, 18, 0, 917519, 18, 0, 917520, 18, 0, 917521, 18, 0, 917522, 18, 0, 917523, 18, 0, 917524, 18, 0, 917525, 18, 0, 917526, 18, 0, 917527, 18, 0, 917528, 18, 0, 917529, 18, 0, 917530, 18, 0, 917531, 18, 0, 917532, 18, 0, 917533, 18, 0, 917534, 18, 0, 917535, 18, 0, 917536, 18, 0, 917537, 18, 0, 917538, 18, 0, 917539, 18, 0, 917540, 18, 0, 917541, 18, 0, 917542, 18, 0, 917543, 18, 0, 917544, 18, 0, 917545, 18, 0, 917546, 18, 0, 917547, 18, 0, 917548, 18, 0, 917549, 18, 0, 917550, 18, 0, 917551, 18, 0, 917552, 18, 0, 917553, 18, 0, 917554, 18, 0, 917555, 18, 0, 917556, 18, 0, 917557, 18, 0, 917558, 18, 0, 917559, 18, 0, 917560, 18, 0, 917561, 18, 0, 917562, 18, 0, 917563, 18, 0, 917564, 18, 0, 917565, 18, 0, 917566, 18, 0, 917567, 18, 0, 917568, 18, 0, 917569, 18, 0, 917570, 18, 0, 917571, 18, 0, 917572, 18, 0, 917573, 18, 0, 917574, 18, 0, 917575, 18, 0, 917576, 18, 0, 917577, 18, 0, 917578, 18, 0, 917579, 18, 0, 917580, 18, 0, 917581, 18, 0, 917582, 18, 0, 917583, 18, 0, 917584, 18, 0, 917585, 18, 0, 917586, 18, 0, 917587, 18, 0, 917588, 18, 0, 917589, 18, 0, 917590, 18, 0, 917591, 18, 0 )
__meta__ = {
"_edit_lock_": true
}

[node name="Player" parent="." instance=ExtResource( 3 )]
position = Vector2( 32, 432 )

[node name="RespawnPoint" type="Position2D" parent="."]
position = Vector2( 23, 408 )

[node name="Enemies" type="Node" parent="."]

[node name="Enemy" parent="Enemies" instance=ExtResource( 4 )]
position = Vector2( 423.205, 410.558 )
jumper = true

[node name="Enemy2" parent="Enemies" instance=ExtResource( 4 )]
position = Vector2( 367.205, 406.919 )
jumper = true

[node name="Enemy3" parent="Enemies" instance=ExtResource( 4 )]
position = Vector2( 479.205, 404.919 )
jumper = true

[node name="Enemy4" parent="Enemies" instance=ExtResource( 4 )]
position = Vector2( 512, 407.639 )
jumper = true

[node name="Enemy5" parent="Enemies" instance=ExtResource( 4 )]
position = Vector2( 456, 404 )
jumper = true

[node name="Enemy6" parent="Enemies" instance=ExtResource( 4 )]
position = Vector2( 568, 402 )
jumper = true

[node name="Enemy7" parent="Enemies" instance=ExtResource( 4 )]
position = Vector2( 64, 141.477 )
jumper = true

[node name="Enemy8" parent="Enemies" instance=ExtResource( 4 )]
position = Vector2( 32, 141.477 )

[node name="Enemy9" parent="Enemies" instance=ExtResource( 4 )]
position = Vector2( 128, 145.949 )
jumper = true

[node name="Enemy10" parent="Enemies" instance=ExtResource( 4 )]
position = Vector2( 160.795, 145.949 )
jumper = true

[node name="Enemy11" parent="Enemies" instance=ExtResource( 4 )]
position = Vector2( 101, 145.477 )
jumper = true

[node name="Enemy12" parent="Enemies" instance=ExtResource( 4 )]
position = Vector2( 200, 145.949 )
jumper = true

[node name="Enemy13" parent="Enemies" instance=ExtResource( 4 )]
position = Vector2( 249.398, 216.558 )
jumper = true

[node name="Enemy14" parent="Enemies" instance=ExtResource( 4 )]
position = Vector2( 217.398, 217.391 )
jumper = true

[node name="Enemy15" parent="Enemies" instance=ExtResource( 4 )]
position = Vector2( 305.398, 210.919 )
jumper = true

[node name="Enemy16" parent="Enemies" instance=ExtResource( 4 )]
position = Vector2( 338.193, 213.639 )
jumper = true

[node name="Enemy17" parent="Enemies" instance=ExtResource( 4 )]
position = Vector2( 282.193, 210 )
jumper = true

[node name="Enemy18" parent="Enemies" instance=ExtResource( 4 )]
position = Vector2( 394.193, 208 )
jumper = true

[node name="Enemy19" parent="Enemies" instance=ExtResource( 4 )]
position = Vector2( 641.398, 400.197 )
jumper = true

[node name="Enemy20" parent="Enemies" instance=ExtResource( 4 )]
position = Vector2( 609.398, 401.03 )
jumper = true

[node name="Enemy21" parent="Enemies" instance=ExtResource( 4 )]
position = Vector2( 697.398, 394.558 )
jumper = true

[node name="Enemy22" parent="Enemies" instance=ExtResource( 4 )]
position = Vector2( 730.193, 397.278 )
jumper = true

[node name="Enemy23" parent="Enemies" instance=ExtResource( 4 )]
position = Vector2( 674.193, 393.639 )
jumper = true

[node name="Enemy24" parent="Enemies" instance=ExtResource( 4 )]
position = Vector2( 786.193, 391.639 )
jumper = true

[node name="Enemy25" parent="Enemies" instance=ExtResource( 4 )]
position = Vector2( 880, 416.558 )
jumper = true

[node name="Enemy26" parent="Enemies" instance=ExtResource( 4 )]
position = Vector2( 824, 412.919 )
jumper = true

[node name="Enemy27" parent="Enemies" instance=ExtResource( 4 )]
position = Vector2( 936, 410.919 )
jumper = true

[node name="Enemy28" parent="Enemies" instance=ExtResource( 4 )]
position = Vector2( 968.795, 413.639 )
jumper = true

[node name="Enemy29" parent="Enemies" instance=ExtResource( 4 )]
position = Vector2( 912.795, 410 )
jumper = true

[node name="Enemy30" parent="Enemies" instance=ExtResource( 4 )]
position = Vector2( 1024.8, 408 )
jumper = true

[node name="Enemy31" parent="Enemies" instance=ExtResource( 4 )]
position = Vector2( 1098.19, 406.197 )
jumper = true

[node name="Enemy32" parent="Enemies" instance=ExtResource( 4 )]
position = Vector2( 1066.19, 407.03 )
jumper = true

[node name="Enemy33" parent="Enemies" instance=ExtResource( 4 )]
position = Vector2( 1154.19, 400.558 )
jumper = true

[node name="Enemy34" parent="Enemies" instance=ExtResource( 4 )]
position = Vector2( 1186.99, 403.278 )
jumper = true

[node name="Enemy35" parent="Enemies" instance=ExtResource( 4 )]
position = Vector2( 1130.99, 399.639 )
jumper = true

[node name="Enemy36" parent="Enemies" instance=ExtResource( 4 )]
position = Vector2( 1242.99, 397.639 )
jumper = true

[node name="Enemy37" parent="Enemies" instance=ExtResource( 4 )]
position = Vector2( 1373.01, 410.558 )
jumper = true

[node name="Enemy38" parent="Enemies" instance=ExtResource( 4 )]
position = Vector2( 1317.01, 406.919 )
jumper = true

[node name="Enemy39" parent="Enemies" instance=ExtResource( 4 )]
position = Vector2( 1429.01, 404.919 )
jumper = true

[node name="Enemy40" parent="Enemies" instance=ExtResource( 4 )]
position = Vector2( 1461.81, 407.639 )
jumper = true

[node name="Enemy41" parent="Enemies" instance=ExtResource( 4 )]
position = Vector2( 1405.81, 404 )
jumper = true

[node name="Enemy42" parent="Enemies" instance=ExtResource( 4 )]
position = Vector2( 1517.81, 402 )
jumper = true

[node name="Enemy43" parent="Enemies" instance=ExtResource( 4 )]
position = Vector2( 1288, 213.639 )
jumper = true

[node name="Enemy44" parent="Enemies" instance=ExtResource( 4 )]
position = Vector2( 1344, 208 )
jumper = true

[node name="Enemy45" parent="Enemies" instance=ExtResource( 4 )]
position = Vector2( 1591.2, 400.197 )
jumper = true

[node name="Enemy46" parent="Enemies" instance=ExtResource( 4 )]
position = Vector2( 1559.2, 401.03 )
jumper = true

[node name="Enemy47" parent="Enemies" instance=ExtResource( 4 )]
position = Vector2( 1647.2, 394.558 )
jumper = true

[node name="Enemy48" parent="Enemies" instance=ExtResource( 4 )]
position = Vector2( 1680, 397.278 )
jumper = true

[node name="Enemy49" parent="Enemies" instance=ExtResource( 4 )]
position = Vector2( 1624, 393.639 )
jumper = true

[node name="Enemy50" parent="Enemies" instance=ExtResource( 4 )]
position = Vector2( 1736, 391.639 )
jumper = true

[node name="Enemy51" parent="Enemies" instance=ExtResource( 4 )]
position = Vector2( 1829.81, 416.558 )
jumper = true

[node name="Enemy52" parent="Enemies" instance=ExtResource( 4 )]
position = Vector2( 1773.81, 412.919 )
jumper = true

[node name="Enemy53" parent="Enemies" instance=ExtResource( 4 )]
position = Vector2( 1885.81, 410.919 )
jumper = true

[node name="Enemy54" parent="Enemies" instance=ExtResource( 4 )]
position = Vector2( 1918.6, 413.639 )
jumper = true

[node name="Enemy55" parent="Enemies" instance=ExtResource( 4 )]
position = Vector2( 1862.6, 410 )
jumper = true

[node name="Enemy56" parent="Enemies" instance=ExtResource( 4 )]
position = Vector2( 1974.6, 408 )
jumper = true

[node name="Enemy57" parent="Enemies" instance=ExtResource( 4 )]
position = Vector2( 2048, 406.197 )
jumper = true

[node name="Enemy58" parent="Enemies" instance=ExtResource( 4 )]
position = Vector2( 2016, 407.03 )
jumper = true

[node name="Enemy59" parent="Enemies" instance=ExtResource( 4 )]
position = Vector2( 2104, 400.558 )
jumper = true

[node name="Enemy60" parent="Enemies" instance=ExtResource( 4 )]
position = Vector2( 2136.8, 403.278 )
jumper = true

[node name="Enemy61" parent="Enemies" instance=ExtResource( 4 )]
position = Vector2( 2080.8, 399.639 )
jumper = true

[node name="Enemy62" parent="Enemies" instance=ExtResource( 4 )]
position = Vector2( 2192.8, 397.639 )
jumper = true

[node name="Enemy63" parent="Enemies" instance=ExtResource( 4 )]
position = Vector2( 103.2, 74.919 )
jumper = true

[node name="Enemy64" parent="Enemies" instance=ExtResource( 4 )]
position = Vector2( 136, 77.639 )
jumper = true

[node name="Enemy65" parent="Enemies" instance=ExtResource( 4 )]
position = Vector2( 80, 74 )
jumper = true

[node name="Enemy66" parent="Enemies" instance=ExtResource( 4 )]
position = Vector2( 192, 72 )
jumper = true

[node name="Enemy67" parent="Enemies" instance=ExtResource( 4 )]
position = Vector2( 285.81, 96.919 )
jumper = true

[node name="Enemy68" parent="Enemies" instance=ExtResource( 4 )]
position = Vector2( 229.81, 93.28 )
jumper = true

[node name="Enemy69" parent="Enemies" instance=ExtResource( 4 )]
position = Vector2( 341.81, 91.28 )
jumper = true

[node name="Enemy70" parent="Enemies" instance=ExtResource( 4 )]
position = Vector2( 374.6, 94 )
jumper = true

[node name="Enemy71" parent="Enemies" instance=ExtResource( 4 )]
position = Vector2( 318.6, 90.361 )
jumper = true

[node name="Enemy72" parent="Enemies" instance=ExtResource( 4 )]
position = Vector2( 430.6, 88.361 )
jumper = true

[node name="Enemy73" parent="Enemies" instance=ExtResource( 4 )]
position = Vector2( 504, 86.558 )
jumper = true

[node name="Enemy74" parent="Enemies" instance=ExtResource( 4 )]
position = Vector2( 472, 87.391 )
jumper = true

[node name="Enemy75" parent="Enemies" instance=ExtResource( 4 )]
position = Vector2( 560, 80.919 )
jumper = true

[node name="Enemy76" parent="Enemies" instance=ExtResource( 4 )]
position = Vector2( 592.8, 83.639 )
jumper = true

[node name="Enemy77" parent="Enemies" instance=ExtResource( 4 )]
position = Vector2( 536.8, 80 )
jumper = true

[node name="Enemy78" parent="Enemies" instance=ExtResource( 4 )]
position = Vector2( 648.8, 78 )
jumper = true

[node name="Enemy79" parent="Enemies" instance=ExtResource( 4 )]
position = Vector2( 784, 288 )
jumper = true

[node name="Enemy80" parent="Enemies" instance=ExtResource( 4 )]
position = Vector2( 877.807, 312.919 )
jumper = true

[node name="Enemy81" parent="Enemies" instance=ExtResource( 4 )]
position = Vector2( 821.807, 309.28 )
jumper = true

[node name="Enemy82" parent="Enemies" instance=ExtResource( 4 )]
position = Vector2( 933.807, 307.28 )
jumper = true

[node name="Enemy83" parent="Enemies" instance=ExtResource( 4 )]
position = Vector2( 966.602, 310 )
jumper = true

[node name="Enemy84" parent="Enemies" instance=ExtResource( 4 )]
position = Vector2( 910.602, 306.361 )
jumper = true

[node name="Enemy85" parent="Enemies" instance=ExtResource( 4 )]
position = Vector2( 1022.61, 304.361 )
jumper = true

[node name="Enemy86" parent="Enemies" instance=ExtResource( 4 )]
position = Vector2( 1096, 302.558 )
jumper = true

[node name="Enemy87" parent="Enemies" instance=ExtResource( 4 )]
position = Vector2( 1064, 303.391 )
jumper = true

[node name="Enemy88" parent="Enemies" instance=ExtResource( 4 )]
position = Vector2( 1152, 296.919 )
jumper = true

[node name="Enemy89" parent="Enemies" instance=ExtResource( 4 )]
position = Vector2( 1184.8, 299.639 )
jumper = true

[node name="Enemy90" parent="Enemies" instance=ExtResource( 4 )]
position = Vector2( 1128.8, 296 )
jumper = true

[node name="Enemy91" parent="Enemies" instance=ExtResource( 4 )]
position = Vector2( 1240.8, 294 )
jumper = true

[node name="Enemy92" parent="Enemies" instance=ExtResource( 4 )]
position = Vector2( 1370.82, 306.919 )
jumper = true

[node name="Enemy93" parent="Enemies" instance=ExtResource( 4 )]
position = Vector2( 1314.82, 303.28 )
jumper = true

[node name="Enemy94" parent="Enemies" instance=ExtResource( 4 )]
position = Vector2( 1426.82, 301.28 )
jumper = true

[node name="Enemy95" parent="Enemies" instance=ExtResource( 4 )]
position = Vector2( 1459.62, 304 )
jumper = true

[node name="Enemy96" parent="Enemies" instance=ExtResource( 4 )]
position = Vector2( 1403.62, 300.361 )
jumper = true

[node name="Enemy97" parent="Enemies" instance=ExtResource( 4 )]
position = Vector2( 1515.62, 298.361 )
jumper = true

[node name="Enemy98" parent="Enemies" instance=ExtResource( 4 )]
position = Vector2( 1589.01, 296.558 )
jumper = true

[node name="Enemy99" parent="Enemies" instance=ExtResource( 4 )]
position = Vector2( 1557.01, 297.391 )
jumper = true

[node name="Enemy100" parent="Enemies" instance=ExtResource( 4 )]
position = Vector2( 1645.01, 290.919 )
jumper = true

[node name="Enemy101" parent="Enemies" instance=ExtResource( 4 )]
position = Vector2( 1677.81, 293.639 )
jumper = true

[node name="Enemy102" parent="Enemies" instance=ExtResource( 4 )]
position = Vector2( 1621.81, 290 )
jumper = true

[node name="Enemy103" parent="Enemies" instance=ExtResource( 4 )]
position = Vector2( 1733.81, 288 )
jumper = true

[node name="ClearPlace" type="Area2D" parent="."]
position = Vector2( 2608, 344 )

[node name="CollisionShape2D" type="CollisionShape2D" parent="ClearPlace"]
shape = SubResource( 1 )

[node name="BGM" type="AudioStreamPlayer" parent="."]
stream = ExtResource( 5 )
autoplay = true

[connection signal="body_entered" from="ClearPlace" to="." method="_on_Clear_body_entered"]
