[gd_scene load_steps=22 format=2]

[ext_resource path="res://src/Actors/Player.gd" type="Script" id=1]
[ext_resource path="res://assets/art/player/robot_demo.png" type="Texture" id=2]
[ext_resource path="res://assets/audio/sfx/jump.wav" type="AudioStream" id=3]
[ext_resource path="res://assets/audio/sfx/shoot.wav" type="AudioStream" id=4]
[ext_resource path="res://assets/art/ui/touch_button_left.png" type="Texture" id=5]
[ext_resource path="res://assets/art/ui/touch_button_right.png" type="Texture" id=6]
[ext_resource path="res://assets/art/ui/touch_button_jump.png" type="Texture" id=7]
[ext_resource path="res://assets/art/ui/touch_button_fire.png" type="Texture" id=8]
[ext_resource path="res://src/Actors/Gun.gd" type="Script" id=9]
[ext_resource path="res://assets/theme/user_interface.tres" type="Theme" id=10]

[sub_resource type="Animation" id=1]
resource_name = "crouch"
length = 0.01
loop = true
step = 0.25
tracks/0/type = "value"
tracks/0/path = NodePath("Sprite:frame")
tracks/0/interp = 1
tracks/0/loop_wrap = true
tracks/0/imported = false
tracks/0/enabled = true
tracks/0/keys = {
"times": PoolRealArray( 0 ),
"transitions": PoolRealArray( 1 ),
"update": 1,
"values": [ 22 ]
}

[sub_resource type="Animation" id=2]
resource_name = "falling"
length = 0.01
loop = true
step = 0.25
tracks/0/type = "value"
tracks/0/path = NodePath("Sprite:frame")
tracks/0/interp = 1
tracks/0/loop_wrap = true
tracks/0/imported = false
tracks/0/enabled = true
tracks/0/keys = {
"times": PoolRealArray( 0 ),
"transitions": PoolRealArray( 1 ),
"update": 1,
"values": [ 21 ]
}

[sub_resource type="Animation" id=3]
resource_name = "falling_weapon"
length = 0.5
loop = true
step = 0.25
tracks/0/type = "value"
tracks/0/path = NodePath("Sprite:frame")
tracks/0/interp = 1
tracks/0/loop_wrap = true
tracks/0/imported = false
tracks/0/enabled = true
tracks/0/keys = {
"times": PoolRealArray( 0 ),
"transitions": PoolRealArray( 1 ),
"update": 1,
"values": [ 26 ]
}

[sub_resource type="Animation" id=4]
length = 7.0
loop = true
step = 0.25
tracks/0/type = "value"
tracks/0/path = NodePath("Sprite:frame")
tracks/0/interp = 1
tracks/0/loop_wrap = true
tracks/0/imported = false
tracks/0/enabled = true
tracks/0/keys = {
"times": PoolRealArray( 0, 1.25, 1.5, 2, 4.5, 4.75, 5, 5.25 ),
"transitions": PoolRealArray( 1, 1, 1, 1, 1, 1, 1, 1 ),
"update": 1,
"values": [ 16, 17, 18, 16, 19, 20, 19, 16 ]
}

[sub_resource type="Animation" id=5]
length = 0.5
loop = true
step = 0.25
tracks/0/type = "value"
tracks/0/path = NodePath("Sprite:frame")
tracks/0/interp = 1
tracks/0/loop_wrap = true
tracks/0/imported = false
tracks/0/enabled = true
tracks/0/keys = {
"times": PoolRealArray( 0 ),
"transitions": PoolRealArray( 1 ),
"update": 1,
"values": [ 25 ]
}

[sub_resource type="Animation" id=6]
length = 0.5
loop = true
step = 0.25
tracks/0/type = "value"
tracks/0/path = NodePath("Sprite:frame")
tracks/0/interp = 1
tracks/0/loop_wrap = true
tracks/0/imported = false
tracks/0/enabled = true
tracks/0/keys = {
"times": PoolRealArray( 0, 0.25, 0.5 ),
"transitions": PoolRealArray( 1, 1, 1 ),
"update": 1,
"values": [ 23, 24, 23 ]
}

[sub_resource type="Animation" id=7]
length = 0.5
loop = true
step = 0.25
tracks/0/type = "value"
tracks/0/path = NodePath("Sprite:frame")
tracks/0/interp = 1
tracks/0/loop_wrap = true
tracks/0/imported = false
tracks/0/enabled = true
tracks/0/keys = {
"times": PoolRealArray( 0 ),
"transitions": PoolRealArray( 1 ),
"update": 1,
"values": [ 26 ]
}

[sub_resource type="Animation" id=8]
length = 1.25
loop = true
step = 0.25
tracks/0/type = "value"
tracks/0/path = NodePath("Sprite:frame")
tracks/0/interp = 1
tracks/0/loop_wrap = true
tracks/0/imported = false
tracks/0/enabled = true
tracks/0/keys = {
"times": PoolRealArray( 0, 0.25, 0.5, 0.75, 1, 1.25 ),
"transitions": PoolRealArray( 1, 1, 1, 1, 1, 1 ),
"update": 1,
"values": [ 0, 1, 2, 3, 4, 0 ]
}

[sub_resource type="Animation" id=9]
length = 1.25
loop = true
step = 0.25
tracks/0/type = "value"
tracks/0/path = NodePath("Sprite:frame")
tracks/0/interp = 1
tracks/0/loop_wrap = true
tracks/0/imported = false
tracks/0/enabled = true
tracks/0/keys = {
"times": PoolRealArray( 0, 0.25, 0.5, 0.75, 1, 1.25 ),
"transitions": PoolRealArray( 1, 1, 1, 1, 1, 1 ),
"update": 1,
"values": [ 5, 6, 7, 8, 9, 5 ]
}

[sub_resource type="Animation" id=10]
length = 1.25
loop = true
step = 0.25
tracks/0/type = "value"
tracks/0/path = NodePath("Sprite:frame")
tracks/0/interp = 1
tracks/0/loop_wrap = true
tracks/0/imported = false
tracks/0/enabled = true
tracks/0/keys = {
"times": PoolRealArray( 0, 0.25, 0.5, 0.75, 1, 1.25 ),
"transitions": PoolRealArray( 1, 1, 1, 1, 1, 1 ),
"update": 1,
"values": [ 10, 11, 12, 13, 14, 5 ]
}

[sub_resource type="RectangleShape2D" id=11]
extents = Vector2( 10, 14 )

[node name="Player" type="KinematicBody2D"]
z_index = 1
collision_mask = 30
script = ExtResource( 1 )

[node name="ShootAnimation" type="Timer" parent="."]
process_mode = 0
wait_time = 0.4
one_shot = true

[node name="PlatformDetector" type="RayCast2D" parent="."]
enabled = true
cast_to = Vector2( 0, 6 )
collision_mask = 8

[node name="Sprite" type="Sprite" parent="."]
position = Vector2( 0, -14 )
texture = ExtResource( 2 )
hframes = 16
vframes = 2
frame = 22

[node name="Gun" type="Position2D" parent="Sprite"]
position = Vector2( 14, 1 )
script = ExtResource( 9 )

[node name="Shoot" type="AudioStreamPlayer2D" parent="Sprite/Gun"]
position = Vector2( -30.6589, -6.13176 )
stream = ExtResource( 4 )

[node name="Cooldown" type="Timer" parent="Sprite/Gun"]
process_mode = 0
wait_time = 0.3
one_shot = true

[node name="AnimationPlayer" type="AnimationPlayer" parent="."]
playback_speed = 2.6
anims/crouch = SubResource( 1 )
anims/falling = SubResource( 2 )
anims/falling_weapon = SubResource( 3 )
anims/idle = SubResource( 4 )
anims/idle_weapon = SubResource( 5 )
anims/jumping = SubResource( 6 )
anims/jumping_weapon = SubResource( 7 )
anims/run = SubResource( 8 )
anims/run_weapon = SubResource( 9 )
anims/standing_weapon_ready = SubResource( 10 )

[node name="Camera" type="Camera2D" parent="."]
position = Vector2( 0, -28 )
current = true
zoom = Vector2( 0.5, 0.5 )
process_mode = 0

[node name="CollisionShape2D" type="CollisionShape2D" parent="."]
position = Vector2( 0, -14 )
shape = SubResource( 11 )

[node name="Jump" type="AudioStreamPlayer2D" parent="."]
stream = ExtResource( 3 )
bus = "SFX"

[node name="UI" type="CanvasLayer" parent="."]
layer = 0

[node name="BottomLeft" type="Control" parent="UI"]
anchor_left = 0.051
anchor_top = 0.786
anchor_right = 0.051
anchor_bottom = 0.786
margin_right = 40.0
margin_bottom = 40.0
__meta__ = {
"_edit_use_anchors_": false
}

[node name="Left" type="TouchScreenButton" parent="UI/BottomLeft"]
position = Vector2( 0, -10 )
scale = Vector2( 1.49157, 1.46265 )
normal = ExtResource( 5 )
passby_press = true
action = "move_left"
visibility_mode = 1

[node name="Right" type="TouchScreenButton" parent="UI/BottomLeft"]
position = Vector2( 95, -10 )
scale = Vector2( 1.49157, 1.46265 )
normal = ExtResource( 6 )
passby_press = true
action = "move_right"
visibility_mode = 1

[node name="BottomRight" type="Control" parent="UI"]
anchor_left = 0.949
anchor_top = 0.923
anchor_right = 0.949
anchor_bottom = 0.923
margin_right = 40.0
margin_bottom = 40.0
__meta__ = {
"_edit_use_anchors_": false
}

[node name="Jump" type="TouchScreenButton" parent="UI/BottomRight"]
position = Vector2( -100, -80 )
scale = Vector2( 1.49157, 1.46265 )
normal = ExtResource( 7 )
action = "jump"
visibility_mode = 1

[node name="Fire" type="TouchScreenButton" parent="UI/BottomRight"]
position = Vector2( -100, -180 )
scale = Vector2( 1.49157, 1.46265 )
normal = ExtResource( 8 )
action = "shoot"
visibility_mode = 1

[node name="HUD" type="CanvasLayer" parent="."]

[node name="ColorRect" type="ColorRect" parent="HUD"]
margin_right = 176.0
margin_bottom = 92.0
color = Color( 0, 0, 0, 0.607843 )
__meta__ = {
"_edit_use_anchors_": false
}

[node name="VBoxContainer" type="VBoxContainer" parent="HUD"]
margin_left = 23.0
margin_top = 20.0
margin_right = 119.0
margin_bottom = 64.0
rect_scale = Vector2( 1.5, 1.5 )
theme = ExtResource( 10 )
__meta__ = {
"_edit_use_anchors_": false
}

[node name="HealthHBox" type="HBoxContainer" parent="HUD/VBoxContainer"]
margin_right = 96.0
margin_bottom = 20.0

[node name="Label" type="Label" parent="HUD/VBoxContainer/HealthHBox"]
margin_right = 60.0
margin_bottom = 20.0
text = "Health:"

[node name="HealthAmount" type="Label" parent="HUD/VBoxContainer/HealthHBox"]
margin_left = 64.0
margin_right = 96.0
margin_bottom = 20.0
text = "5/5"

[node name="CoinsHBox" type="HBoxContainer" parent="HUD/VBoxContainer"]
margin_top = 24.0
margin_right = 96.0
margin_bottom = 44.0

[node name="Label" type="Label" parent="HUD/VBoxContainer/CoinsHBox"]
margin_right = 48.0
margin_bottom = 20.0
text = "Coins:"
align = 2

[node name="CoinsAmount" type="Label" parent="HUD/VBoxContainer/CoinsHBox"]
margin_left = 52.0
margin_right = 62.0
margin_bottom = 20.0
text = "0"

[node name="HurtCoolDown" type="Timer" parent="."]

[connection signal="timeout" from="HurtCoolDown" to="." method="_on_HurtCoolDown_timeout"]
